<record><leader>00000cas a2200000 a 4500</leader><controlfield tag="001">6347836</controlfield><controlfield tag="008">800522d19801984lauwr ne      0    0eng d</controlfield><datafield ind1=" " ind2=" " tag="010"><subfield code="a">sn 89059282 </subfield></datafield><datafield ind1=" " ind2=" " tag="040"><subfield code="a">LRU</subfield><subfield code="b">eng</subfield><subfield code="c">LRU</subfield><subfield code="d">NSD</subfield><subfield code="d">LNP</subfield><subfield code="d">OCL</subfield><subfield code="d">OCLCQ</subfield><subfield code="d">OCLCF</subfield><subfield code="d">OCLCO</subfield><subfield code="d">OCLCA</subfield></datafield><datafield ind1="1" ind2=" " tag="029"><subfield code="a">AU@</subfield><subfield code="b">000025905572</subfield></datafield><datafield ind1=" " ind2=" " tag="037"><subfield code="b">P.O. Box 51933, New Orleans, LA 70151</subfield></datafield><datafield ind1=" " ind2=" " tag="042"><subfield code="a">msc</subfield></datafield><datafield ind1=" " ind2=" " tag="043"><subfield code="a">n-us-la</subfield></datafield><datafield ind1=" " ind2=" " tag="045"><subfield code="a">x8x-</subfield></datafield><datafield ind1=" " ind2=" " tag="090"><subfield code="a">AP2</subfield><subfield code="b">.N39</subfield></datafield><datafield ind1="0" ind2="0" tag="245"><subfield code="a">Black data newsweekly.</subfield></datafield><datafield ind1=" " ind2=" " tag="260"><subfield code="a">New Orleans, La. :</subfield><subfield code="b">Data Enterprises</subfield></datafield><datafield ind1=" " ind2=" " tag="300"><subfield code="a">v. :</subfield><subfield code="b">ill. ;</subfield><subfield code="c">37 cm.</subfield></datafield><datafield ind1=" " ind2=" " tag="310"><subfield code="a">Weekly</subfield></datafield><datafield ind1="0" ind2=" " tag="362"><subfield code="a">14th year, v. 1 (Mar. 29, 1980)-18th year, v. 3 (Apr. 28, 1984).</subfield></datafield><datafield ind1=" " ind2=" " tag="515"><subfield code="a">Apr. 21 and Apr. 28, 1984 both called: 18th year, v. 3.</subfield></datafield><datafield ind1=" " ind2="0" tag="650"><subfield code="a">African Americans</subfield><subfield code="z">Louisiana</subfield><subfield code="z">New Orleans</subfield><subfield code="v">Newspapers.</subfield></datafield><datafield ind1=" " ind2="7" tag="655"><subfield code="a">Newspapers.</subfield><subfield code="2">fast</subfield><subfield code="0">(OCoLC)fst01423814</subfield></datafield><datafield ind1=" " ind2="7" tag="650"><subfield code="a">African Americans.</subfield><subfield code="2">fast</subfield><subfield code="0">(OCoLC)fst00799558</subfield></datafield><datafield ind1=" " ind2="7" tag="651"><subfield code="a">Louisiana</subfield><subfield code="z">New Orleans.</subfield><subfield code="2">fast</subfield><subfield code="0">(OCoLC)fst01204311</subfield></datafield><datafield ind1=" " ind2=" " tag="752"><subfield code="a">United States</subfield><subfield code="b">Louisiana</subfield><subfield code="c">Orleans</subfield><subfield code="d">New Orleans.</subfield></datafield><datafield ind1="0" ind2="0" tag="780"><subfield code="t">New Orleans data news weekly</subfield><subfield code="w">(DLC)sn 89059284</subfield><subfield code="w">(OCoLC)8107743</subfield></datafield><datafield ind1="0" ind2="0" tag="785"><subfield code="t">Data newsweekly</subfield><subfield code="w">(DLC)sn 89059283</subfield></datafield><datafield ind1=" " ind2=" " tag="936"><subfield code="a">Mar. 29, 1980</subfield></datafield></record>